@inbook{ab,
author = {Professor Bart Demoen},
title = {Automaten en berekenbaarheid},
year = {2007},
}
@online{prolog-tm,
author = {Michael T. Richter},
title = {prolog/turing.pl},
year = {2013},
url = {http://www.swi-prolog.org/pack/file_details/turing/prolog/turing.pl}
}
